<?xml version="1.0" encoding="UTF-8"?><collection xmlns="http://www.loc.gov/MARC21/slim"><record><leader>00451nam--2200145-i-4500</leader><controlfield tag="001">000017837</controlfield><controlfield tag="002">20161230</controlfield><controlfield tag="005">20161230201032</controlfield><controlfield tag="008">060222s1000------------r-----000-0-eng-d</controlfield><datafield ind1=" " ind2=" " tag="080"><subfield code="a">621.375.826</subfield></datafield><datafield ind1=" " ind2=" " tag="100"><subfield code="a">Stephen F.Jacobs, Murray Sargent Iii, Marlan O.Scully</subfield></datafield><datafield ind1=" " ind2=" " tag="245"><subfield code="a">Adaptive optics and short wavelength sources</subfield></datafield><datafield ind1=" " ind2=" " tag="260"><subfield code="a">London, Addison-weley Publishing Company, 1978 Xi + 312 P</subfield></datafield><datafield ind1=" " ind2=" " tag="490"><subfield code="a">Physics Of Quantum Electronics</subfield></datafield><datafield ind1=" " ind2=" " tag="852"><subfield code="a">42857</subfield></datafield></record></collection>